@STRING{ JCD = "Journal of Coffee Drinkers" }
@Article{ Smith05,
author = "Mark Smith and Adam Jones and Wei Lee",
title = "Caffeine usage in {Chicago}",
journal = JCD
year = 2005,
volume = 6,
pages = "121--142",
}
