@article{bitmessage_paper, 
    author = "Jonathan Warren", 
    Title = {Bitmessage: A Peer‐to‐Peer Message Authentication and Delivery System},
    url = {https://bitmessage.org/bitmessage.pdf},
    DAY = 27,
    MONTH = nov,
    YEAR = 2012,
}

@article{bitcoin_paper, 
    author = "Satoshi Nakamoto", 
    Title = {Bitcoin: A Peer-to-Peer Electronic Cash System}, 
    YEAR = 2008,
}

@article{ethereum_intro_paper,
    author = "Ethereum",
    title = {A Next-Generation Smart Contract and Decentralized Application Platform},
    url = "https://github.com/ethereum/wiki/wiki/White-Paper",
    year = 2013,
    note = "[Online; accessed Dec-2019]",
}

@misc{bitcoin_protocol,
  author = "Bitcoin Project",
  title = {Protocol Documentation},
  howpublished = "Bitcoin Wiki",
  url = {https://en.bitcoin.it/wiki/Protocol_documentation},
  note = "[Online; accessed Oct-2019]",
}

@article{short_block_times,
    author = "Vitalik Buterin",
    title = {Toward a 12-second Block Time},
    howpublished = {Ethereum Blog Post},
    url = {https://blog.ethereum.org/2014/07/11/toward-a-12-second-block-time},
    note = "[Online; accessed Oct-2019]",
    day = 11,
    month = jul,
    year = 2014
}

@article{cryptonote_paper,
    author = "Nicolas van Saberhagen",
    title = {CryptoNote v 2.0},
    url = {https://cryptonote.org/whitepaper.pdf},
    note = "[Online; accessed Nov-2019]",
    day = 17,
    month = oct,
    year = 2013
}

@article{monero_pruning,
    title = {Monero Adds Blockchain Pruning and Improves Transaction Efficiency},
    author = {Justin Ehrenhofer},
    howpublished = "Monero Blog Post",
    url = {https://web.getmonero.org/2019/02/01/pruning.html},
    note = "[Online; accessed Nov-2019]",
    day = 1,
    month = feb,
    year = 2019
}

@misc{medium_bt_mystery,
    author = "Prabath Siriwardena",
    title = {The Mystery Behind Block Time},
    howpublished = {Medium Blog Post},
    url = {https://medium.facilelogin.com/the-mystery-behind-block-time-63351e35603a},
    note = "[Online; accessed Dec-2019]",
}


@misc{kovri_repo,
    title = {Kovri Project code repository},
    howpublished = "GitLab",
    url = "https://gitlab.com/kovri-project/kovri",
    note = "[Online; accessed Nov-2019]",
}

@misc{medium_trustless_blockchain,
    author = "Preethi Kasireddy",
    title = {ELI5: What do we mean by “blockchains are trustless”?},
    howpublished = {Medium Blog Post}, url={https://medium.com/@preethikasireddy/eli5-what-do-we-mean-by-blockchains-are-trustless-aa420635d5f6},
    note = "[Online; accessed Nov-2019]",
}

@manual{bitcoin_docs,
    title = {Bitcoin P2P Network Documentation},
    howpublished = {Bitcoin Wiki},
    url={https://en.bitcoin.it/wiki/Protocol_documentation},
    note = "[Online; accessed Dec-2019]",
}

@manual{bitmessage_docs,
    title = {Bitmessage P2P Network Documentation},
    howpublished = {Bitmessage Wiki},url={https://bitmessage.org/wiki/Protocol_specification},
    note = "[Online; accessed Dec-2019]",
}

@misc{bitmessage_protocol_v3,
    title = {First mention of requirement to upgrade to Bitmessage's protocol v3},
    howpublished = {Bitmessage Wiki},
    url={https://bitmessage.org/w/index.php?title=Protocol_specification&oldid=25382},
    note = "[Online; accessed Dec-2019]",
}

@article{aes,
    title = {FIPS 197, Advanced Encryption Standard (AES)},
    howpublished = {Processing Standards Publication},
    url={https://nvlpubs.nist.gov/nistpubs/FIPS/NIST.FIPS.197.pdf},
    day = 26,
    month = Nov,
    year = 2001,
}

@manual{ic_encryption_course,
    title = {Math in Network Security: A Crash Course},
    author = "Changyu Dong",
    url = "https://www.doc.ic.ac.uk/~mrh/330tutor/",
    note = "[Online; accessed Dec-2019]",
}

@manual{ec_guide,
    author = "Andrea Corbellini", 
    title = {Elliptic Curve Cryptography: a gentle introduction},
    howpublished = "Blog Post",
    url = {https://andrea.corbellini.name/2015/05/17/elliptic-curve-cryptography-a-gentle-introduction/},
    note = "[Online; accessed Dec-2019]",
}

@article{51_attack,
    author = "Sarwar Sayeed and Hector Marco-Gisbert",
    title = {Assessing Blockchain Consensus and Security Mechanisms against the 51\% Attack},
    day = 29,
    month = apr,
    year = 2019,
}

@misc{cryptonight_docs,
    author = "CryptoNote",
    title = {Cryptonight Hash Function},
    url = "https://cryptonote.org/cns/cns008.txt",
    note = "[Online; accessed Dec-2019]",
    month = mar,
    year = 2013,
}

@article{toward_twelve_s_bt,
    author = "Vitalik Buterin",
    title = {Toward a 12-second Block Time},
    howpublished = {Ethereum Blog Post},
    url = "https://blog.ethereum.org/2014/07/11/toward-a-12-second-block-time/",
    note = "[Online; accessed Dec-2019]",
    day = 11,
    month = jul,
    year = 2014,
}

@article{twelve_s_for_btc,
    author = "Christian Decker \& Roger Wattenhofer",
    title = {Information Propagation in the Bitcoin Network},
    url = "https://www.gsd.inesc-id.pt/~ler/docencia/rcs1314/papers/P2P2013_041.pdf",
    note = "[Online; accessed Dec-2019]",
    year = 2013,
}

@misc{whatsapp_endtoend,
    author = "Gregorio Zanon",
    title = {No, end-to-end encryption does not prevent Facebook from accessing WhatsApp chats},
    howpublished = {Medium Blog Post},
    url = "https://medium.com/@gzanon/no-end-to-end-encryption-does-not-prevent-facebook-from-accessing-whatsapp-chats-d7c6508731b2",
    note = "[Online; accessed Dec-2019]",
    day = 12,
    month = apr,
    year = 2018,
}

@misc{facebook_nsa,
    author = "Michael B Kelley",
    title = {NSA's `Widest-Reaching' System Could Read Facebook Chats And Private Messages},
    howpublished = {Business Insider Article},
    url = "https://www.businessinsider.com/nsa-can-see-facebook-chats-or-messages-2013-7",
    note = "[Online; accessed Dec-2019]",
    day = 31,
    month = jul,
    year = 2013,
}

@misc{fbmsg_nsa_criminal,
    author = "Chris Welch",
    title = {US reportedly pressuring Facebook to break Messenger’s encryption over MS-13 investigation},
    howpublished = {The Verge Article},
    url = {https://www.theverge.com/2018/8/17/17725368/us-government-facebook-messenger-app-encryption-ms-13},
    note = "[Online; accessed Dec-2019]",
    day = 17,
    month = aug,
    year = 2018,
}

@misc{bitcoin_segwit,
    title = {Bitcoin Segregated Witness},
    howpublished = {Bitcoin Wiki},
    url = {https://en.bitcoin.it/wiki/Segregated_Witness},
    note = "[Online; accessed Jan-2020]",
}

@misc{bitcoin_lightning_network,
    title = {Lightning Network for Bitcoin},
    url = {https://lightning.network/},
    note = "[Online; accessed Jan-2020]",
}

@misc{bitmessage_pow,
    author = "Aaron Toponce",
    title = {The Bitmessage Proof Of Work},
    howpublished = {Blog Post},
    url = {https://pthree.org/2014/12/06/the-bitmessage-proof-of-work/},
    day = 6,
    month = dec,
    year = 2014
}

@misc{secp256k1,
    title = {Bitcoin's Secp256k1 Elliptic Curve},
    howpublished = {Bitcoin Wiki},
    url = {https://en.bitcoin.it/wiki/Secp256k1},
    note = "[Online; accessed Feb-2020]",
}

@misc{pkcs7,
    title = {Cryptographic Message Syntax},
    howpublished = {Public Key Cryptography Standards (\#7)},
    url = {https://tools.ietf.org/html/rfc2315},
    note = "[Online; accessed Feb-2020]",
    month = mar,
    year = 1998,
}

@misc{bitmessage_ecies,
    title = {Integrated Encryption Scheme},
    howpublished = {Bitmessage Wiki},
    url = {https://bitmessage.org/wiki/Encryption},
    note = "[Online; accessed Nov-2019]",
    day = 3,
    month = sep,
    year = 2019
}

@misc{bitcoin_magiccode,
    title = {Bitcoin Main Repository - \textit{chainparams.cpp}},
    howpublished = {Github},
    url = {https://github.com/bitcoin/bitcoin/blob/master/src/chainparams.cpp},
    note = "[Online; accessed Mar-2020]",
}

@misc{rustlang,
    title = {Rust Programming Language},
    url = {https://www.rust-lang.org/},
    note = "[Online; accessed Mar-2020]",
}

@misc{ethics_gw_bbc,
    title = {Bitcoin's energy consumption `equals that of Switzerland'},
    author = {Chris Baraniuk},
    howpublished = {BBC Article},
    url = {https://www.bbc.co.uk/news/technology-48853230},
    note = "[Online; accessed Mar-2020]",
}

@misc{bitmessage_address,
    title = {Public key to Bitmessage address},
    howpublished = {Bitmessage Wiki},
    url = "https://bitmessage.org/wiki/Public_key_to_bitmessage_address",
    note = "[Online; accessed Mar-2020]",
}

@misc{bitmessage_messagetypes,
    title = {Bitmessage Message Types},
    howpublished = {Bitmessage Docs},
    url = "https://bitmessage.org/wiki/Protocol_specification#Message_types",
    note = "[Online; accessed Mar-2020]",
}

@misc{ipv6_mapped_ipv4,
    title = {IPv4-mapped IPv6 addresses},
    howpublished = {IPv6 Wikipedia},
    url = "https://wikipedia.org/wiki/IPv6#IPv4-mapped_IPv6_addresses",
    note = "[Online; accessed Mar-2020]",
}

@article{harvard_better_bloom_filters,
    title = {Less Hashing, Same Performance: Building a Better Bloom Filter},
    howpublished = {Harvard Computer Science Group},
    url = "https://www.eecs.harvard.edu/~michaelm/postscripts/rsa2008.pdf",
    author = "Adam Kirsch \& Michael Mitzenmacher",
    note = "[Online; accessed Mar-2020]",
}

@misc{defcon_22,
    title = {Secure Random by Default},
    howpublished = {Defcon 22 Conference Talk},
    author = "Dan Kaminsky",
    year = 2014,
}

@misc{flutter_framework,
    title = {Flutter Framework by Google},
    url = "https://flutter.dev/",
}

@misc{dart_lang,
    title = {Dart Programming Language},
    url = "https://dart.dev/",
}